@Comment А вот так оформляется библиография при помощи BibTeX.

@Book{Dh,
  author =		 {Lee Daniel Crocker},
  title = 		 {Digital Halftoning},

  year = 		 {1989},
  language =     "english"
}
@Book{Bayer,
	author =		 {Bayer, B.E.},
	title = 		 {An Optimum Method for Two-Level Rendition of Continuous
	Tone Pictures},
	publisher = 	 {IEEE International Conference on Communications,
	Conference Records},
	year = 		 {1973},
	language =     "english"
}

@Book{Ulich,
	author =		 {Ulichney, R.},
	title = 		 {Digital Halftoning},
	publisher = 	 {The MIT Press},
	year = 		 {1987},
	language =     "english"
}

@Book{Wiki, 
	title = {Википедия},
	note = {\url{https://en.wikipedia.org}},

}
@Book{Habr1,
	title= "PSNR и SSIM или как работать с изображениями под С",
	author="Ашрапов Инсаф",
	publisher="https://habrahabr.ru/post/126848/",
	year={2011},
	language{russian}
}
