@Comment А вот так оформляется библиография при помощи BibTeX.

@Book{Ya,
  author =		 {Ааываыва},
  title = 		 {Иаываыа},
  publisher = 	 {МАП.},
  year = 		 {2010},
  language =     "russian"
}